@article{Mazumder18,
    author  = {Rahul Mazumder and Arkopal Choudhary and Garud Iyengar and Bodhisattva Sen},
    title   = {{A Computational Framework for Multivariate Convex Regression and Its Variants}},
    year    = {2018},
    journal = {Journal of the American Statistical Association (January 2018)},
    pages   = {1-14}
}
@article{Bertsimas20,
    author  = {Dimitris Bertsimas and Nishanth Mundru},
    title   = {{Sparse Convex Regression}},
    year    = {2020},
    journal = {INFORMS Journal on Computing},
    volume  = {33},
    number  = {1},
    pages   = {262-279}
}
@article{Lin22,
    author = {Meixia Lin and Defeng Sun and Kim-Chuan Toh},
    title = {{An Augmented Lagrangian Method with Constraint Generation for Shape-constrained Convex Regression Problems}},
    journal = {Mathematical Programming Computation},
    year = {2022},
    volume = {14},
    pages = {223-270}
}
@article{Seijo11,
    author = {Emilio Seijo and Bodhisattva Sen},
    title = {{Nonparametric Least Squares Estimation of a Multivariate Convex Regression Function}},
    journal = {The Annals of Statistics},
    year = {2011},
    volume = {39},
    number = {3},
    pages = {1633-1657}
}
@article{Sahalia03,
    author = {Yacine AÃ¯t-Sahalia and Jefferson Duarte},
    title = {{Nonparametric Option Pricing Under Shape
    Restrictions}},
    journal = {Journal of Econometrics},
    year = {2003},
    volume = {116},
    pages = {9-47}
}
@article{Kurnatowski_2021,
   title={Compensating Data Shortages in Manufacturing with Monotonicity Knowledge},
   volume={14},
   ISSN={1999-4893},
   url={http://dx.doi.org/10.3390/a14120345},
   DOI={10.3390/a14120345},
   number={12},
   journal={Algorithms},
   publisher={MDPI AG},
   author={Kurnatowski, Martin von and Schmid, Jochen and Link, Patrick and Zache, Rebekka and Morand, Lukas and Kraft, Torsten and Schmidt, Ingo and Schwientek, Jan and Stoll, Anke},
   year={2021},
   month=nov, pages={345} }
